@article{Porteous10,
 author     = {Porteous, Julie and Cavazza, Marc and Charles, Fred},
 title      = {Applying Planning to Interactive Storytelling: Narrative Control Using State Constraints},
 journal    = {ACM Trans. Intell. Syst. Technol.},
 issue_date = {November 2010},
 volume     = {1},
 number     = {2},
 year       = {2010},
 issn       = {2157-6904},
 pages      = {10:1--10:21},
 articleno  = {10},
 numpages   = {21},
 url        = {http://doi.acm.org/10.1145/1869397.1869399},
 doi        = {10.1145/1869397.1869399},
 acmid      = {1869399},
 publisher  = {ACM},
 address    = {New York, NY, USA},
}

@article{Haslum14,
 author     = {Haslum, Patrik},
 title      = {Narrative Planning: Compilations to Classical Planning},
 journal    = {Journal of Artificial Intelligence Research},
 volume     = {44},
 year       = {2012},
 pages      = {383-395},
 url        = {http://www.jair.org/papers/paper3602.html},
 doi        = {10.1613/jair.3602},
}

@book{Prince03,
 author     = {Prince, Gerald},
 title      = {A Dictionary of Narratology},
 isbn       = {9780803287761},
 lccn       = {2003283102},
 url        = {https://books.google.de/books?id=WvRNGan8YZcC},
 year       = {2003},
 publisher  = {University of Nebraska Press}
}

@book{Herman10,
 title      = {Routledge Encyclopedia of Narrative Theory},
 author     = {Herman, D. and Jahn, M. and Ryan, M.L.},
 isbn       = {9781134458400},
 url        = {https://books.google.de/books?id=oX8hmVw\_yXYC},
 year       = {2010},
 publisher  = {Taylor \& Francis}
}

@book{Chatman1980,
 title      = {Story and Discourse: Narrative Structure in Fiction and Film},
 author     = {Chatman, S.B.},
 isbn       = {9780801491863},
 lccn       = {78099329},
 series     = {Cornell Paperbacks},
 url        = {https://books.google.de/books?id=ewrOp9uPjYUC},
 year       = {1980},
 publisher  = {Cornell University Press}
}
